@inproceedings{dorigo1996study,
  title={A study of some properties of Ant-Q},
  author={Dorigo, Marco and Gambardella, Luca Maria},
  booktitle={International Conference on Parallel Problem Solving from Nature},
  pages={656--665},
  year={1996},
  organization={Springer}
}

@incollection{van1987simulated,
  title={Simulated annealing},
  author={Van Laarhoven, Peter JM and Aarts, Emile HL},
  booktitle={Simulated annealing: Theory and applications},
  pages={7--15},
  year={1987},
  publisher={Springer}
}