
@book{aroraComputationalComplexityModern2009,
  title = {Computational Complexity: A Modern Approach},
  shorttitle = {Computational Complexity},
  author = {Arora, Sanjeev and Barak, Boaz},
  date = {2009},
  publisher = {{Cambridge University Press}},
  file = {C\:\\Users\\napie\\Zotero\\storage\\INM4GT8I\\books.html}
}

@article{deyComputationalTopology1999,
  title = {Computational Topology},
  author = {Dey, Tamal K. and Edelsbrunner, Herbert and Guha, Sumanta},
  date = {1999},
  journaltitle = {Contemporary mathematics},
  volume = {223},
  pages = {109--144},
  publisher = {{Providence, RI: American Mathematical Society}},
  file = {C\:\\Users\\napie\\Zotero\\storage\\GHAFXTCW\\Dey et al. - 1999 - Computational topology.zip;C\:\\Users\\napie\\Zotero\\storage\\EWDBEQPW\\books.html}
}

@book{papadimitriouComputationalComplexity1994,
  title = {Computational Complexity},
  author = {Papadimitriou, Christos H.},
  date = {1994},
  publisher = {{Addison-Wesley}},
  location = {{Reading, Mass}},
  isbn = {978-0-201-53082-7},
  pagetotal = {523},
  keywords = {Computational complexity}
}

@article{sipserIntroductionTheoryComputation1996,
  title = {Introduction to the {{Theory}} of {{Computation}}},
  author = {Sipser, Michael},
  date = {1996},
  journaltitle = {ACM Sigact News},
  volume = {27},
  number = {1},
  pages = {27--29},
  publisher = {{ACM New York, NY, USA}},
  file = {C\:\\Users\\napie\\Zotero\\storage\\QYXUJWGU\\Sipser - 1996 - Introduction to the Theory of Computation.pdf;C\:\\Users\\napie\\Zotero\\storage\\IWJ4L9AM\\230514.html}
}

@article{turingComputableNumbersApplication1936,
  title = {On Computable Numbers, with an Application to the {{Entscheidungsproblem}}},
  author = {Turing, Alan Mathison},
  date = {1936},
  journaltitle = {J. of Math},
  volume = {58},
  number = {345-363},
  pages = {5},
  file = {C\:\\Users\\napie\\Zotero\\storage\\EFCEQP82\\Turing - 1936 - On computable numbers, with an application to the .pdf}
}


