
@book{aroraComputationalComplexityModern2009,
  title = {Computational Complexity: A Modern Approach},
  shorttitle = {Computational Complexity},
  author = {Arora, Sanjeev and Barak, Boaz},
  date = {2009},
  publisher = {{Cambridge University Press}},
  file = {C\:\\Users\\napie\\Zotero\\storage\\INM4GT8I\\books.html}
}

@article{deyComputationalTopology1999,
  title = {Computational Topology},
  author = {Dey, Tamal K. and Edelsbrunner, Herbert and Guha, Sumanta},
  date = {1999},
  journaltitle = {Contemporary mathematics},
  volume = {223},
  pages = {109--144},
  publisher = {{Providence, RI: American Mathematical Society}},
  file = {C\:\\Users\\napie\\Zotero\\storage\\GHAFXTCW\\Dey et al. - 1999 - Computational topology.zip;C\:\\Users\\napie\\Zotero\\storage\\EWDBEQPW\\books.html}
}

@book{papadimitriouComputationalComplexity1994,
  title = {Computational Complexity},
  author = {Papadimitriou, Christos H.},
  date = {1994},
  publisher = {{Addison-Wesley}},
  location = {{Reading, Mass}},
  isbn = {978-0-201-53082-7},
  pagetotal = {523},
  keywords = {Computational complexity}
}

@article{sipserIntroductionTheoryComputation1996,
  title = {Introduction to the {{Theory}} of {{Computation}}},
  author = {Sipser, Michael},
  date = {1996},
  journaltitle = {ACM Sigact News},
  volume = {27},
  number = {1},
  pages = {27--29},
  publisher = {{ACM New York, NY, USA}},
  file = {C\:\\Users\\napie\\Zotero\\storage\\QYXUJWGU\\Sipser - 1996 - Introduction to the Theory of Computation.pdf;C\:\\Users\\napie\\Zotero\\storage\\IWJ4L9AM\\230514.html}
}

@article{turingComputableNumbersApplication1936,
  title = {On Computable Numbers, with an Application to the {{Entscheidungsproblem}}},
  author = {Turing, Alan Mathison},
  date = {1936},
  journaltitle = {J. of Math},
  volume = {58},
  number = {345-363},
  pages = {5},
  file = {C\:\\Users\\napie\\Zotero\\storage\\EFCEQP82\\Turing - 1936 - On computable numbers, with an application to the .pdf}
}


@article{shannon1948mathematical,
  title={A mathematical theory of communication},
  author={Shannon, Claude Elwood},
  journal={The Bell system technical journal},
  volume={27},
  number={3},
  pages={379--423},
  year={1948},
  publisher={Nokia Bell Labs}
}

@article{skraba2013persistence,
  title={Persistence modules: algebra and algorithms},
  author={Skraba, Primoz and Vejdemo-Johansson, Mikael},
  journal={arXiv preprint arXiv:1302.2015},
  year={2013}
}

@article{corbet2018representation,
  title={The representation theorem of persistence revisited and generalized},
  author={Corbet, Ren{\'e} and Kerber, Michael},
  journal={Journal of Applied and Computational Topology},
  volume={2},
  number={1},
  pages={1--31},
  year={2018},
  publisher={Springer}
}


@article{zomorodian2005computing,
  title={Computing persistent homology},
  author={Zomorodian, Afra and Carlsson, Gunnar},
  journal={Discrete \& Computational Geometry},
  volume={33},
  number={2},
  pages={249--274},
  year={2005},
  publisher={Springer}
}

@inproceedings{chen2011persistent,
  title={Persistent homology computation with a twist},
  author={Chen, Chao and Kerber, Michael},
  booktitle={Proceedings 27th European workshop on computational geometry},
  volume={11},
  pages={197--200},
  year={2011}
}

@book{edelsbrunner2010computational,
  title={Computational topology: an introduction},
  author={Edelsbrunner, Herbert and Harer, John},
  year={2010},
  publisher={American Mathematical Soc.}
}

@article{de2011dualities,
  title={Dualities in persistent (co) homology},
  author={De Silva, Vin and Morozov, Dmitriy and Vejdemo-Johansson, Mikael},
  journal={Inverse Problems},
  volume={27},
  number={12},
  pages={124003},
  year={2011},
  publisher={IOP Publishing}
}

@article{bauer2021ripser,
  title={Ripser: efficient computation of Vietoris--Rips persistence barcodes},
  author={Bauer, Ulrich},
  journal={Journal of Applied and Computational Topology},
  volume={5},
  number={3},
  pages={391--423},
  year={2021},
  publisher={Springer}
}

@article{zhang2020gpu,
  title={GPU-accelerated computation of Vietoris-Rips persistence barcodes},
  author={Zhang, Simon and Xiao, Mengbai and Wang, Hao},
  journal={arXiv preprint arXiv:2003.07989},
  year={2020}
}

@article{henselman2016matroid,
  title={Matroid filtrations and computational persistent homology},
  author={Henselman, Gregory and Ghrist, Robert},
  journal={arXiv preprint arXiv:1606.00199},
  year={2016}
}

@article{oxley2003matroid,
  title={What is a matroid},
  author={Oxley, James},
  journal={Cubo},
  volume={5},
  number={179},
  pages={780},
  year={2003},
  publisher={Citeseer}
}

@article{ferri2018simplicial,
  title={Simplicial complexes from graphs towards graph persistence},
  author={Ferri, Massimo and Bergomi, Dott Mattia G and Zu, Lorenzo},
  journal={arXiv preprint arXiv:1805.10716},
  year={2018}
}

@article{taylor2015topological,
  title={Topological data analysis of contagion maps for examining spreading processes on networks},
  author={Taylor, Dane and Klimm, Florian and Harrington, Heather A and Kram{\'a}r, Miroslav and Mischaikow, Konstantin and Porter, Mason A and Mucha, Peter J},
  journal={Nature communications},
  volume={6},
  number={1},
  pages={1--11},
  year={2015},
  publisher={Nature Publishing Group}
}

@article{zomorodian2010fast,
  title={Fast construction of the Vietoris-Rips complex},
  author={Zomorodian, Afra},
  journal={Computers \& Graphics},
  volume={34},
  number={3},
  pages={263--271},
  year={2010},
  publisher={Elsevier}
}

@article{arya1998optimal,
  title={An optimal algorithm for approximate nearest neighbor searching fixed dimensions},
  author={Arya, Sunil and Mount, David M and Netanyahu, Nathan S and Silverman, Ruth and Wu, Angela Y},
  journal={Journal of the ACM (JACM)},
  volume={45},
  number={6},
  pages={891--923},
  year={1998},
  publisher={ACM New York, NY, USA}
}

@article{malkov2018efficient,
  title={Efficient and robust approximate nearest neighbor search using hierarchical navigable small world graphs},
  author={Malkov, Yu A and Yashunin, Dmitry A},
  journal={IEEE transactions on pattern analysis and machine intelligence},
  volume={42},
  number={4},
  pages={824--836},
  year={2018},
  publisher={IEEE}
}

@article{aumuller2020ann,
  title={ANN-Benchmarks: A benchmarking tool for approximate nearest neighbor algorithms},
  author={Aum{\"u}ller, Martin and Bernhardsson, Erik and Faithfull, Alexander},
  journal={Information Systems},
  volume={87},
  pages={101374},
  year={2020},
  publisher={Elsevier}
}

@article{neal2015making,
  title={Making big communities small: Using network science to understand the ecological and behavioral requirements for community social capital},
  author={Neal, Zachary},
  journal={American Journal of Community Psychology},
  volume={55},
  number={3},
  pages={369--380},
  year={2015},
  publisher={Springer}
}

@article{erdos1959pmd,
  added-at = {2017-10-20T13:47:06.000+0200},
  author = {Erd\"os, P and R\'enyi, A},
  biburl = {https://www.bibsonomy.org/bibtex/2420b83c1533188c0b54bd1f6eea2b782/krevelen},
  interhash = {99061fc859ba540d4485abfbce44f298},
  intrahash = {420b83c1533188c0b54bd1f6eea2b782},
  journal = {Publicationes Mathematicae Debrecen},
  keywords = {epidemes},
  pages = {290--297},
  timestamp = {2017-10-20T13:47:26.000+0200},
  title = {On Random Graphs I},
  volume = 6,
  year = 1959
}

@article{de1998upper,
  title={An upper bound on the sum of squares of degrees in a graph},
  author={de Caen, Dominique},
  journal={Discrete Mathematics},
  volume={185},
  number={1-3},
  pages={245--248},
  year={1998},
  publisher={Elsevier}
}

@inproceedings{edelsbrunner2000topological,
  title={Topological persistence and simplification},
  author={Edelsbrunner, Herbert and Letscher, David and Zomorodian, Afra},
  booktitle={Proceedings 41st annual symposium on foundations of computer science},
  pages={454--463},
  year={2000},
  organization={IEEE}
}

@book{Eisenbud1995,
  doi = {10.1007/978-1-4612-5350-1},
  year = {1995},
  publisher = {Springer New York},
  author = {David Eisenbud},
  title = {Commutative Algebra}
}

@article{rosenberg1987kunneth,
  title={The K{\"u}nneth theorem and the universal coefficient theorem for Kasparov’s generalized K-functor},
  author={Rosenberg, Jonathan and Schochet, Claude},
  journal={Duke Mathematical Journal},
  volume={55},
  number={2},
  pages={431--474},
  year={1987},
  publisher={Duke University Press}
}


@article{benzekry2015design,
  title={Design principles for cancer therapy guided by changes in complexity of protein-protein interaction networks},
  author={Benzekry, Sebastian and Tuszynski, Jack A and Rietman, Edward A and Lakka Klement, Giannoula},
  journal={Biology direct},
  volume={10},
  number={1},
  pages={1--14},
  year={2015},
  publisher={BioMed Central}
}

@article{watts1998collective,
  title={Collective dynamics of ‘small-world’networks},
  author={Watts, Duncan J and Strogatz, Steven H},
  journal={nature},
  volume={393},
  number={6684},
  pages={440--442},
  year={1998},
  publisher={Nature Publishing Group}
}

@article{shepperd1988critique,
  title={A critique of cyclomatic complexity as a software metric},
  author={Shepperd, Martin},
  journal={Software Engineering Journal},
  volume={3},
  number={2},
  pages={30--36},
  year={1988},
  publisher={IET}
}


@article{huntsman2020path,
  title={Path homology as a stronger analogue of cyclomatic complexity},
  author={Huntsman, Steve},
  journal={arXiv preprint arXiv:2003.00944},
  year={2020}
}

@article{scikit-learn,
 title={Scikit-learn: Machine Learning in {P}ython},
 author={Pedregosa, F. and Varoquaux, G. and Gramfort, A. and Michel, V.
         and Thirion, B. and Grisel, O. and Blondel, M. and Prettenhofer, P.
         and Weiss, R. and Dubourg, V. and Vanderplas, J. and Passos, A. and
         Cournapeau, D. and Brucher, M. and Perrot, M. and Duchesnay, E.},
 journal={Journal of Machine Learning Research},
 volume={12},
 pages={2825--2830},
 year={2011}
}

@article{otter2017roadmap,
  title={A roadmap for the computation of persistent homology},
  author={Otter, Nina and Porter, Mason A and Tillmann, Ulrike and Grindrod, Peter and Harrington, Heather A},
  journal={EPJ Data Science},
  volume={6},
  pages={1--38},
  year={2017},
  publisher={Springer}
}

@article{havas1998extended,
  title={Extended gcd and Hermite normal form algorithms via lattice basis reduction},
  author={Havas, George and Majewski, Bohdan S and Matthews, Keith R},
  journal={Experimental Mathematics},
  volume={7},
  number={2},
  pages={125--136},
  year={1998},
  publisher={Taylor \& Francis}
}

@article{boissonnat2014simplex,
  title={The simplex tree: An efficient data structure for general simplicial complexes},
  author={Boissonnat, Jean-Daniel and Maria, Cl{\'e}ment},
  journal={Algorithmica},
  volume={70},
  number={3},
  pages={406--427},
  year={2014},
  publisher={Springer}
}


@article{romero2013spectral,
  title={Spectral sequences for computing persistent homology of digital images},
  author={Romero, Ana and Mata, Gadea and Rubio, Julio and Heras, J{\'o}nathan and Sergeraert, Francis},
  journal={M{\'a}laga},
  year={2013}
}

@article{cohen2007stability,
  title={Stability of persistence diagrams},
  author={Cohen-Steiner, David and Edelsbrunner, Herbert and Harer, John},
  journal={Discrete \& computational geometry},
  volume={37},
  number={1},
  pages={103--120},
  year={2007},
  publisher={Springer}
}

@book{maunder1996algebraic,
  title={Algebraic topology},
  author={Maunder, Charles Richard Francis},
  year={1996},
  publisher={Courier Corporation}
}

@book{Hatcher:478079,
      author        = "Hatcher, Allen",
      title         = "{Algebraic topology}",
      publisher     = "Cambridge Univ. Press",
      address       = "Cambridge",
      year          = "2000"
}

@book{10.5555/1593511,
 author = {Van Rossum, Guido and Drake, Fred L.},
 title = {Python 3 Reference Manual},
 year = {2009},
 isbn = {1441412697},
 publisher = {CreateSpace},
 address = {Scotts Valley, CA}
} 