@article{dorigo1996ant,
  title={Ant system: optimization by a colony of cooperating agents},
  author={Dorigo, Marco and Maniezzo, Vittorio and Colorni, Alberto},
  journal={IEEE Transactions on Systems, Man, and Cybernetics, Part B (Cybernetics)},
  volume={26},
  number={1},
  pages={29--41},
  year={1996},
  publisher={IEEE}
}

@incollection{gambardella1995ant,
  title={Ant-Q: A reinforcement learning approach to the traveling salesman problem},
  author={Gambardella, Luca M and Dorigo, Marco},
  booktitle={Machine learning proceedings 1995},
  pages={252--260},
  year={1995},
  publisher={Elsevier}
}

@article{durbin1987analogue,
  title={An analogue approach to the travelling salesman problem using an elastic net method},
  author={Durbin, Richard and Willshaw, David},
  journal={Nature},
  volume={326},
  number={6114},
  pages={689--691},
  year={1987},
  publisher={Nature Publishing Group}
}

@article{nicholson1967sequential,
  title={A sequential method for discrete optimization problems and its application to the assignment, travelling salesman, and three machine scheduling problems},
  author={Nicholson, TAJ},
  journal={IMA Journal of Applied Mathematics},
  volume={3},
  number={4},
  pages={362--375},
  year={1967},
  publisher={Oxford University Press}
}

@incollection{van1987simulated,
  title={Simulated annealing},
  author={Van Laarhoven, Peter JM and Aarts, Emile HL},
  booktitle={Simulated annealing: Theory and applications},
  pages={7--15},
  year={1987},
  publisher={Springer}
}

@article{kohonen1990self,
  title={The self-organizing map},
  author={Kohonen, Teuvo},
  journal={Proceedings of the IEEE},
  volume={78},
  number={9},
  pages={1464--1480},
  year={1990},
  publisher={IEEE}
}

@article{lin1965computer,
  title={Computer solutions of the traveling salesman problem},
  author={Lin, Shen},
  journal={Bell System Technical Journal},
  volume={44},
  number={10},
  pages={2245--2269},
  year={1965},
  publisher={Wiley Online Library}
}
