@book{edelsbrunner2010computational,
  title={Computational topology: an introduction},
  author={Edelsbrunner, Herbert and Harer, John},
  year={2010},
  publisher={American Mathematical Soc.}
}