@article{annan1995complexities,
  title={The complexities of the coefficients of the Tutte polynomial},
  author={Annan, JD},
  journal={Discrete Applied Mathematics},
  volume={57},
  number={2-3},
  pages={93--103},
  year={1995},
  publisher={Elsevier}
}

@article{krushkal2014polynomial,
  title={A polynomial invariant and duality for triangulations},
  author={Krushkal, Vyacheslav and Renardy, David},
  journal={The Electronic Journal of Combinatorics},
  pages={P3--42},
  year={2014}
}