@inproceedings{buades2005non,
  title={A non-local algorithm for image denoising},
  author={Buades, Antoni and Coll, Bartomeu and Morel, J-M},
  booktitle={2005 IEEE Computer Society Conference on Computer Vision and Pattern Recognition (CVPR'05)},
  volume={2},
  pages={60--65},
  year={2005},
  organization={IEEE}
}

@article{buades2004image,
  title={On image denoising methods},
  author={Buades, Antoni and Coll, Bartomeu and Morel, Jean Michel},
  journal={CMLA Preprint},
  volume={5},
  year={2004}
}

@article{sarker2012use,
  title={Use of non-local means filter to denoise image corrupted by salt and pepper noise},
  author={Sarker, Subhojit and Chowdhury, Shalini and Laha, Samanwita and Dey, Debika},
  journal={Signal \& Image Processing},
  volume={3},
  number={2},
  pages={223},
  year={2012},
  publisher={Academy \& Industry Research Collaboration Center (AIRCC)}
}

@article{buades2011non,
  title={Non-local means denoising},
  author={Buades, Antoni and Coll, Bartomeu and Morel, Jean-Michel},
  journal={Image Processing On Line},
  volume={1},
  pages={208--212},
  year={2011}
}

@inproceedings{wang2006fast,
  title={Fast non-local algorithm for image denoising},
  author={Wang, Jin and Guo, Yanwen and Ying, Yiting and Liu, Yanli and Peng, Qunsheng},
  booktitle={2006 International Conference on Image Processing},
  pages={1429--1432},
  year={2006},
  organization={IEEE}
}

@article{zhang2017applications,
  title={Applications of nonlocal means algorithm in low-dose X-ray CT image processing and reconstruction: A review},
  author={Zhang, Hao and Zeng, Dong and Zhang, Hua and Wang, Jing and Liang, Zhengrong and Ma, Jianhua},
  journal={Medical physics},
  volume={44},
  number={3},
  pages={1168--1185},
  year={2017},
  publisher={Wiley Online Library}
}

@inproceedings{dehghannasiri2012novel,
  title={A novel de-interlacing method based on locally-adaptive nonlocal-means},
  author={Dehghannasiri, Roozbeh and Shirani, Shahram},
  booktitle={2012 Conference Record of the Forty Sixth Asilomar Conference on Signals, Systems and Computers (ASILOMAR)},
  pages={1708--1712},
  year={2012},
  organization={IEEE}
}

@article{buades2006staircasing,
  title={The staircasing effect in neighborhood filters and its solution},
  author={Buades, Antoni and Coll, Bartomeu and Morel, J-M},
  journal={IEEE transactions on Image Processing},
  volume={15},
  number={6},
  pages={1499--1505},
  year={2006},
  publisher={IEEE}
}

@online{opencv,
  author = {OpenCV team},
  year = {2019},
  title = {Image Denoising},
  url = {https://docs.opencv.org/3.4/d5/d69/tutorial_py_non_local_means.html},
  urldate = {2020-01-19}
}

@article{duval2010parameter,
  title={On the parameter choice for the non-local means},
  author={Duval, Vincent and Aujol, Jean-Fran{\c{c}}ois and Gousseau, Yann},
  year={2010}
}

@inproceedings{wahid2015modified,
author = {Wahid, Farha and Shareekhath, K.P.},
year = {2015},
month = {04},
pages = {},
title = {Modified non-local means filtering},
journal = {2015 IEEE International Conference on Signal Processing, Informatics, Communication and Energy Systems, SPICES 2015},
doi = {10.1109/SPICES.2015.7091552}
}
